%% This BibTeX bibliography file was created using BibDesk.
%% http://bibdesk.sourceforge.net/

%% Created for Khalil Hajji at 2015-08-10 15:18:24 +0200 


%% Saved with string encoding Unicode (UTF-8) 



@article{inferencecomp,
	Author = {A. Asuncion, M. Welling, P. Smyth},
	Date-Added = {2015-08-10 13:15:10 +0000},
	Date-Modified = {2015-08-10 13:18:08 +0000},
	Keywords = {Gibbs Sampling, Variational Inference},
	Title = {On Smoothing and Inference for Topic Models},
	Url = {http://arxiv.org/pdf/1205.2662.pdf},
	Year = {2009}}

@book{montecarlo,
	Author = {J. S. Liu},
	Date-Added = {2015-08-10 12:03:50 +0000},
	Date-Modified = {2015-08-10 12:05:13 +0000},
	Month = {Monte Carlo},
	Title = {Monte Carlo Strategies In Scientific Computing},
	Year = {2001}}

@article{dirichlet_into,
	Author = {J. Huang},
	Date-Added = {2015-08-09 18:40:21 +0000},
	Date-Modified = {2015-08-09 18:42:14 +0000},
	Keywords = {Dirichlet Distribution},
	Title = {Maximum Likelihood Estimation of Dirichlet Distribution},
	Url = {http://jonathan-huang.org/research/dirichlet/dirichlet.pdf},
	Year = {2005}}

@article{gibbs,
	Author = {T. L. Griffiths, M. Steyvers},
	Date-Added = {2015-08-08 17:09:27 +0000},
	Date-Modified = {2015-08-08 17:13:59 +0000},
	Title = {Finding Scientific Topics},
	Url = {http://psiexp.ss.uci.edu/research/papers/sciencetopics.pdf},
	Year = {2004}}

@article{lda,
	Author = {D. M.Blei, A. Y.Ng, M. I.Jordan},
	Date-Added = {2015-08-08 16:56:44 +0000},
	Date-Modified = {2015-08-08 17:05:46 +0000},
	Journal = {Journal of Machine Learning Research 3 (2003)},
	Keywords = {Latent Dirichlet Allocation, Corpus Modeling, Dimentionality Reduction},
	Title = {Latent Dirichlet Allocation},
	Url = {https://www.cs.princeton.edu/~blei/papers/BleiNgJordan2003.pdf},
	Year = {2003}}

@article{plsi,
	Author = {C. J. Hawthorn},
	Date-Added = {2015-08-05 11:39:18 +0000},
	Date-Modified = {2015-08-08 17:05:16 +0000},
	Journal = {Proceeding of the Twenty-Second Annual International SIGIR Conference on Research and Development in Information Retrieval},
	Keywords = {Information Retreival, Text Corpus Modeling, Dimentionality Reduction, Clustering},
	Title = {Probabilistic Latent Semantic Indexing},
	Url = {http://cs.brown.edu/~th/papers/Hofmann-SIGIR99.pdf},
	Year = {1999}}
